<?xml version="1.0" encoding="UTF-8"?><collection xmlns="http://www.loc.gov/MARC21/slim"><record><leader>00354nam--2200121-i-4500</leader><controlfield tag="001">000022908</controlfield><controlfield tag="002">20161230</controlfield><controlfield tag="005">20161230201034</controlfield><controlfield tag="008">060222s1000------------r-----000-0-eng-d</controlfield><datafield ind1=" " ind2=" " tag="100"><subfield code="a">Heilweil, Melvin F. Et Hoernes, Gerhard E</subfield></datafield><datafield ind1=" " ind2=" " tag="245"><subfield code="a">Introductio a l`algebre de boole et aux dispositifs logiques</subfield></datafield><datafield ind1=" " ind2=" " tag="260"><subfield code="a">Paris, Dunod, 1969, Viii + 305p</subfield></datafield><datafield ind1=" " ind2=" " tag="852"><subfield code="a">31513</subfield></datafield></record></collection>